@article{idris09,
	author   = {M.Y.I,Idris and Y.Y,Leng and others},
	journal  = {Information Technology Journal},
	keywords = {Car park system, intelligent transportation system, parking technology, smart parking system},
	month    = {June},
	number   = {8},
	pages    = {101--113},
	priority = {0},
	title    = {Car Park System: A review of smart parking system and its technology},
	url      = {http://dx.doi.org/10.1023/A:1005328611460},
	volume   = {8},
	year     = {2009}
}
@article{chen2012dynamic,
  title={The Dynamic Background Generation Scheme Using an Image Frame Statistical Comparison Method.},
  author={Chen, Wen-Yuan and Wang, Chuin-Mu},
  journal={International Journal of Advancements in Computing Technology},
  volume={4},
  number={18},
  year={2012}
}
@inproceedings{delibaltov2013parking,
  title={Parking lot occupancy determination from lamp-post camera images},
  author={Delibaltov, Diana and Wu, Wencheng and Loce, Robert P and Bernal, Edgar and others},
  booktitle={Intelligent Transportation Systems-(ITSC), 2013 16th International IEEE Conference on},
  pages={2387--2392},
  year={2013},
  organization={IEEE}
}
@inproceedings{hai2009self,
  title={Self-adaptive Detection of Moving Vehicles in Traffic Video},
  author={Hai-tao, Zhai and Jian, Wu and Jie, Xia and Zhi-ming, Cui},
  booktitle={The 2009 International Symposium on Web Information Systems and Applications (WISA 2009)},
  pages={449},
  year={2009}
}
@article{shoushtarian2003practical,
  title={A practical approach to real-time dynamic background generation based on a temporal median filter},
  author={Shoushtarian, B},
  journal={Journal of Sciences, Islamic Republic of Iran},
  volume={14},
  number={4},
  pages={351--362},
  year={2003}
}
@article{true2007vacant,
  title={Vacant parking space detection in static images},
  author={True, Nicholas},
  journal={University of California, San Diego},
  year={2007}
}
@article{kianpisheh2012smart,
  title={Smart Parking System (SPS) Architecture Using Ultrasonic Detector},
  author={Kianpisheh, Amin and Mustaffa, Norlia and Limtrairut, Pakapan and Keikhosrokiani, Pantea},
  journal={International Journal of Software Engineering and Its Applications},
  volume={6},
  number={3},
  pages={55--58},
  year={2012},
  publisher={보안공학연구지원센터 (IJSEIA)}
}
@article{bong2008integrated,
  title={Integrated approach in the design of car park occupancy information system (COINS)},
  author={Bong, DBL and Ting, KC and Lai, KC},
  journal={IAENG International Journal of Computer Science},
  volume={35},
  number={1},
  pages={7--14},
  year={2008}
}
@phdthesis{graciano2007rastreamento,
  title={Rastreamento de objetos baseado em reconhecimento estrutural de padroes},
  author={Graciano, Ana Beatriz Vicentim},
  year={2007},
  school={Universidade de S{\~a}o Paulo}
}

@book{gonzalez2009digital,
  title={Digital image processing},
  author={Gonzalez, Rafael C},
  year={2009},
  publisher={Pearson Education India}
}

@book{marques1999processamento,
  title={Processamento digital de imagens},
  author={Marques Filho, Og{\^e} and Neto, Hugo Vieira},
  year={1999},
  publisher={Brasport}
}

@book{IBGE2000introducao,
  title={Introdução ao processamento digital de imagens},
  author={IBGE},
  year={2000},
  publisher={IBGE}
}

@misc{vkl1989jain,
  title={Jain,“Fundamentals of Digital Image Processing,”},
  author={VKL, AI},
  year={1989},
  publisher={Prentice-Hall, New York}
}

@article{malpica1997applying,
  title={Applying watershed algorithms to the segmentation of clustered nuclei},
  author={Malpica, Norberto and Ortiz de Solorzano, Carlos and Vaquero, Juan Jos{\'e} and Santos, Andr{\'e}s and Vallcorba, Isabel and Garcia-Sagredo, Jos{\'e} Miguel and Pozo, Francisco del},
  year={1997},
  publisher={Wiley}
}

@article{de2006introduccao,
  title={Introdu{\c{c}}{\~a}o ao Processamento Digital de Imagens.},
  author={de Queiroz, Jos{\'e} Eust{\'a}quio Rangel and Gomes, Herman Martins},
  journal={RITA},
  volume={13},
  number={2},
  pages={11--42},
  year={2006}
}

@incollection{pele2010quadratic,
  title={The quadratic-chi histogram distance family},
  author={Pele, Ofir and Werman, Michael},
  booktitle={Computer Vision--ECCV 2010},
  pages={749--762},
  year={2010},
  publisher={Springer}
}

@inproceedings{zhang2014comparison,
  title={A comparison of histogram distance metrics for content-based image retrieval},
  author={Zhang, Qianwen and Canosa, Roxanne L},
  booktitle={IS\&T/SPIE Electronic Imaging},
  pages={90270O--90270O},
  year={2014},
  organization={International Society for Optics and Photonics}
}

@article{rubner2000earth,
  title={The earth mover's distance as a metric for image retrieval},
  author={Rubner, Yossi and Tomasi, Carlo and Guibas, Leonidas J},
  journal={International journal of computer vision},
  volume={40},
  number={2},
  pages={99--121},
  year={2000},
  publisher={Springer}
}

@book{plataniotis2000color,
  title={Color image processing and applications},
  author={Plataniotis, Konstantinos N and Venetsanopoulos, Anastasios N},
  year={2000},
  publisher={Springer Science \& Business Media}
}

@article{ford1998colour,
  title={Colour space conversions},
  author={Ford, Adrian and Roberts, Alan},
  journal={Westminster University, London},
  volume={1998},
  pages={1--31},
  year={1998}
}
